<?xml version="1.0" encoding="UTF-8"?><collection xmlns="http://www.loc.gov/MARC21/slim"><record><leader>00432nam--2200145-i-4500</leader><controlfield tag="001">000029835</controlfield><controlfield tag="002">20161230</controlfield><controlfield tag="005">20170127124126</controlfield><controlfield tag="008">060222s1000------------r-----000-0-eng-d</controlfield><datafield ind1=" " ind2=" " tag="100"><subfield code="a">Lowan, Arnold N</subfield></datafield><datafield ind1=" " ind2=" " tag="245"><subfield code="a">Miscellaneous physical tales. Planck`s radiation functions &amp; electronic functions</subfield></datafield><datafield ind1=" " ind2=" " tag="260"><subfield code="a">New York</subfield><subfield code="b">National Bureau Of Standards</subfield><subfield code="c">1941</subfield></datafield><datafield ind1=" " ind2=" " tag="300"><subfield code="a">1 F., VII + 61 p</subfield></datafield><datafield ind1=" " ind2=" " tag="852"><subfield code="a">1974</subfield></datafield><datafield ind1=" " ind2=" " tag="CAT"><subfield code="a">SYS</subfield><subfield code="c">20170127</subfield><subfield code="h">124126</subfield></datafield></record></collection>